<?xml version="1.0" encoding="UTF-8"?><collection xmlns="http://www.loc.gov/MARC21/slim"><record><leader>00389nam--2200121-i-4500</leader><controlfield tag="001">000040236</controlfield><controlfield tag="002">20161230</controlfield><controlfield tag="005">20161230201042</controlfield><controlfield tag="008">060222s1000------------r-----000-0-eng-d</controlfield><datafield ind1=" " ind2=" " tag="100"><subfield code="a">Sanches Furtado A.F.A</subfield></datafield><datafield ind1=" " ind2=" " tag="245"><subfield code="a">Notas de mineralogia e petrografia portuguesas. xiii. torbernite e metatorbenite</subfield></datafield><datafield ind1=" " ind2=" " tag="260"><subfield code="a">Lisboa, Comissao De Estudos Da Energia Nucleare, 1959. 12 P. + 2 Pl</subfield></datafield><datafield ind1=" " ind2=" " tag="852"><subfield code="a">5566</subfield></datafield></record></collection>